<record xmlns="http://www.loc.gov/MARC21/slim" xmlns:xsi="http://www.w3.org/2001/XMLSchema-instance" xsi:schemaLocation="http://www.loc.gov/MARC21/slim http://www.loc.gov/standards/marcxml/schema/MARC21slim.xsd"><leader>     nam a22        4500</leader><controlfield tag="001">3170841</controlfield><controlfield tag="003">NNC</controlfield><controlfield tag="006">m        d        </controlfield><controlfield tag="007">cr cn |||m|||a</controlfield><controlfield tag="008">150316s1863    le      ob    000 0 ara d</controlfield><datafield ind1=" " ind2=" " tag="040"><subfield code="a">NNU</subfield><subfield code="b">eng</subfield><subfield code="e">rda</subfield><subfield code="c">NNU</subfield></datafield><datafield ind1=" " ind2="4" tag="050"><subfield code="a">BT75</subfield><subfield code="b">.S66 1863</subfield></datafield><datafield ind1="1" ind2=" " tag="100"><subfield code="a">Smith, Eli,</subfield><subfield code="d">1801-1857.</subfield></datafield><datafield ind1="1" ind2="0" tag="245"><subfield code="6">880-01</subfield><subfield code="a">Kita&#772;b al-ba&#772;b al-maftu&#772;h&#803; fi&#772; a&#699;ma&#772;l al-ru&#772;h&#803; /</subfield><subfield code="c">ta&#700;li&#772;f A&#772;li&#772; Smi&#772;th ; tarjamahu ila&#769; al-&#699;Arabi&#772;yah But&#803;rus al-Busta&#772;ni&#772;.</subfield></datafield><datafield ind1="3" ind2="0" tag="246"><subfield code="6">880-02</subfield><subfield code="a">Ba&#772;b al-maftu&#772;h&#803; fi&#772; a&#699;ma&#772;l al-ru&#772;h&#803;</subfield></datafield><datafield ind1=" " ind2=" " tag="250"><subfield code="6">880-03</subfield><subfield code="a">T&#803;ubi&#699;a tha&#772;niyatan.</subfield></datafield><datafield ind1=" " ind2=" " tag="260"><subfield code="6">880-04</subfield><subfield code="a">[Beirut] :</subfield><subfield code="b">Mat&#803;ba&#699;at Bayru&#772;t al-Inji&#772;li&#772;yah,</subfield><subfield code="c">1863.</subfield></datafield><datafield ind1=" " ind2=" " tag="300"><subfield code="a">online resource (256 pages)</subfield></datafield><datafield ind1=" " ind2=" " tag="336"><subfield code="a">text</subfield><subfield code="2">rdacontent</subfield></datafield><datafield ind1=" " ind2=" " tag="337"><subfield code="a">computer</subfield><subfield code="2">rdamedia</subfield></datafield><datafield ind1=" " ind2=" " tag="338"><subfield code="a">online resource</subfield><subfield code="2">rdacarrier</subfield></datafield><datafield ind1=" " ind2=" " tag="500"><subfield code="a">Part of the Arabic Collections Online (ACO) project, contributed by Columbia University Libraries.</subfield></datafield><datafield ind1=" " ind2=" " tag="504"><subfield code="a">Includes bibliographical references.</subfield></datafield><datafield ind1=" " ind2=" " tag="533"><subfield code="a">Electronic reproduction.</subfield><subfield code="b">New York, N.Y. :</subfield><subfield code="c">New York University,</subfield><subfield code="d">2015.</subfield><subfield code="5">NNU</subfield></datafield><datafield ind1=" " ind2="0" tag="650"><subfield code="a">Theology, Doctrinal</subfield><subfield code="v">Popular works.</subfield></datafield><datafield ind1=" " ind2="7" tag="650"><subfield code="a">Theology, Doctrinal.</subfield><subfield code="2">fast</subfield><subfield code="0">(OCoLC)fst01149617</subfield></datafield><datafield ind1=" " ind2="7" tag="655"><subfield code="a">Popular works.</subfield><subfield code="2">fast</subfield><subfield code="0">(OCoLC)fst01423846</subfield></datafield><datafield ind1="1" ind2=" " tag="700"><subfield code="6">880-05</subfield><subfield code="a">Busta&#772;ni&#772;, But&#803;rus ibn Bu&#772;lus,</subfield><subfield code="d">1818 or 1819-1882 or 1883.</subfield></datafield><datafield ind1="2" ind2=" " tag="710"><subfield code="a">Columbia University.</subfield><subfield code="b">Libraries.</subfield></datafield><datafield ind1="0" ind2=" " tag="730"><subfield code="a">Arabic Collections Online.</subfield></datafield><datafield ind1="0" ind2="8" tag="776"><subfield code="i">Online version:</subfield><subfield code="a">Smith, Eli, 1801-1857.</subfield><subfield code="t">Kita&#772;b al-ba&#772;b al-maftu&#772;h&#803; fi&#772; a&#699;ma&#772;l al-ru&#772;h&#803;.</subfield><subfield code="b">T&#803;ubi&#699;a tha&#772;niyatan.</subfield><subfield code="d">[Beirut] : Mat&#803;ba&#699;at Bayru&#772;t al-Inji&#772;li&#772;yah, 1863</subfield><subfield code="w">(OCoLC)653642038</subfield></datafield><datafield ind1="0" ind2="8" tag="776"><subfield code="i">Print version:</subfield><subfield code="a">Smith, Eli, 1801-1857.</subfield><subfield code="t">Kita&#772;b al-ba&#772;b al-maftu&#772;h&#803; fi&#772; a&#699;ma&#772;l al-ru&#772;h&#803;</subfield><subfield code="w">(NNC)3170841</subfield><subfield code="w">(OCoLC)54151907</subfield></datafield><datafield ind1="4" ind2="0" tag="856"><subfield code="u">http://hdl.handle.net/2333.1/7pvmcxq7</subfield></datafield><datafield ind1="1" ind2="0" tag="880"><subfield code="6">245-01/r</subfield><subfield code="a">&#1603;&#1578;&#1575;&#1576; &#1575;&#1604;&#1576;&#1575;&#1576; &#1575;&#1604;&#1605;&#1601;&#1578;&#1608;&#1581; &#1601;&#1610; &#1575;&#1593;&#1605;&#1575;&#1604; &#1575;&#1604;&#1585;&#1608;&#1581; /</subfield><subfield code="c">&#1578;&#1571;&#1604;&#1610;&#1601; &#1575;&#1604;&#1610; &#1587;&#1605;&#1610;&#1579; &#1563; &#1578;&#1585;&#1580;&#1605;&#1607; &#1575;&#1604;&#1609; &#1575;&#1604;&#1593;&#1585;&#1576;&#1610;&#1577; &#1576;&#1591;&#1585;&#1587; &#1575;&#1604;&#1576;&#1587;&#1578;&#1575;&#1606;&#1610;.</subfield></datafield><datafield ind1="3" ind2="0" tag="880"><subfield code="6">246-02/r</subfield><subfield code="a">&#1576;&#1575;&#1576; &#1575;&#1604;&#1605;&#1601;&#1578;&#1608;&#1581; &#1601;&#1610; &#1575;&#1593;&#1605;&#1575;&#1604; &#1575;&#1604;&#1585;&#1608;&#1581;</subfield></datafield><datafield ind1=" " ind2=" " tag="880"><subfield code="6">250-03/r</subfield><subfield code="a">&#1591;&#1576;&#1593; &#1579;&#1575;&#1606;&#1610;&#1577;&#1614;.</subfield></datafield><datafield ind1=" " ind2=" " tag="880"><subfield code="6">260-04/r</subfield><subfield code="a">[&#1576;&#1610;&#1585;&#1608;&#1578;] :</subfield><subfield code="b">&#1605;&#1591;&#1576;&#1593;&#1577; &#1576;&#1610;&#1585;&#1608;&#1578; &#1575;&#1604;&#1575;&#1606;&#1580;&#1610;&#1604;&#1610;&#1577;&#1548;</subfield><subfield code="c">1863.</subfield></datafield><datafield ind1="1" ind2=" " tag="880"><subfield code="6">700-05/r</subfield><subfield code="a">&#1576;&#1587;&#1578;&#1575;&#1606;&#1610;&#1548; &#1576;&#1591;&#1585;&#1587; &#1576;&#1606; &#1576;&#1608;&#1604;&#1587;&#1548;</subfield><subfield code="d">1818 or 1819-1882 or 1883.</subfield></datafield><datafield ind1=" " ind2=" " tag="959"><subfield code="a">NNU</subfield><subfield code="b">WEB</subfield><subfield code="c">GENI</subfield><subfield code="t">0</subfield><subfield code="m">Electronic access</subfield><subfield code="s">01</subfield></datafield><datafield ind1=" " ind2=" " tag="999"><subfield code="i">NNC_3170841</subfield><subfield code="o">(OCoLC)ocm54151907</subfield><subfield code="e">(ERROR-880)</subfield><subfield code="s">columbia_aco000258</subfield></datafield></record>